@website{MicrosoftBackends,
  title   = {Backends for Frontends},
  author  = {{Microsoft}},
  year    = {n.d.},
  url     = {https://learn.microsoft.com/en-us/azure/architecture/patterns/backends-for-frontends},
  note    = {Accessed: March 13, 2024},
  urldate = {2024-03-13}
}

@website{AWSMicroservices,
  title  = {Microservices},
  author = {{Amazon Web Services}},
  year   = {n.d.},
  url    = {https://aws.amazon.com/microservices/},
  note   = {Accessed: March 13, 2024}
}


@website{gRPCIntroduction,
  title        = {{gRPC} Introduction},
  organization = {{gRPC}},
  year         = {n.d.},
  url          = {https://grpc.io/docs/what-is-grpc/introduction/},
  note         = {Accessed: March 13, 2024}
}


@website{gRPCWebsite,
  title        = {{gRPC}},
  organization = {{gRPC}},
  year         = {n.d.},
  url          = {https://grpc.io},
  note         = {Accessed: March 13, 2024}
}


@inproceedings{inproceedings,
  author = {Demir, Nurullah and Urban, Tobias and Wittek, Kevin and Pohlmann, Norbert},
  year   = {2021},
  month  = {02},
  pages  = {},
  title  = {Our (in)Secure Web: Understanding Update Behavior of Websites and Its Impact on Security}
}

@online{InfiniwizBreach,
  title  = {Government Breach Exposes Risks of Outdated Software},
  author = {Infiniwiz},
  year   = {2023},
  url    = {https://www.infiniwiz.com/government-breach-exposes-risks-of-outdated-software/},
  note   = {Accessed: March 13, 2024}
}


@online{RemixDocs,
  author = {Remix Team},
  title  = {Remix Documentation: Progressive Enhancement},
  year   = {Year the page was last updated, e.g., 2024},
  url    = {https://remix.run/docs/en/main/discussion/progressive-enhancement},
  note   = {Accessed on Date, e.g., March 17, 2024}
}